
@book{hayashi1998,
	title = {Data science, Classification, and Related Methods: Proceedings of the Fifth Conference of the International Federation of Classification Societies (IFCS-96), Kobe, Japan, March 27-30, 1996},
	author = {Hayashi, Chikio},
	year = {1998},
	date = {1998},
	publisher = {Springer},
	note = {00008},
	address = {Kobe, Japan},
	langid = {en}
}

@misc{mason2010,
	title = {A Taxonomy of Data Science},
	author = {Mason, Hilary and Wiggins, Christopher},
	year = {2010},
	month = {09},
	date = {2010-09-25},
	url = {http://www.dataists.com/2010/09/a-taxonomy-of-data-science/},
	note = {Library Catalog: www.dataists.com},
	langid = {canadian}
}

@article{wirth1999,
	title = {CRISP-DM: Towards a Standard Process Model for Data Mining},
	author = {Wirth, {Rüdiger} and Hipp, Jochen},
	abstract = {The CRISP-DM (CRoss Industry Standard Process for Data Mining) project proposed a comprehensive process model for carrying out data mining projects. The process model is independent of both the industry sector and the technology used. In this paper we argue in favor of a standard process model for data mining and report some experiences with the CRISP-DM process model in practice.},
	year = {1999},
	date = {1999},
	url = {https://www.semanticscholar.org/paper/Crisp-dm%3A-towards-a-standard-process-modell-for-Wirth-Hipp/48b9293cfd4297f855867ca278f7069abc6a9c24}
}

@article{donoho2017,
	title = {50 Years of Data Science},
	author = {Donoho, David},
	year = {2017},
	month = {10},
	date = {2017-10-02},
	journal = {Journal of Computational and Graphical Statistics},
	pages = {745--766},
	volume = {26},
	number = {4},
	doi = {10.1080/10618600.2017.1384734},
	url = {https://doi.org/10.1080/10618600.2017.1384734}
}

@book{zuboff1995,
	title = {In the Age of the Smart Machine: The Future of Work and Power},
	author = {Zuboff, Shoshana},
	year = {1995},
	date = {1995},
	publisher = {Basic Books},
	edition = {[Repr.]},
	url = {http://gen.lib.rus.ec/book/index.php?md5=76dd1180c201eed5973bf83d45489b37}
}

@misc{owen2015,
	title = {What {\textquotedblleft}50 Years of Data Science{\textquotedblright} Leaves Out},
	author = {Owen, Sean},
	year = {2015},
	month = {11},
	date = {2015-11-15},
	url = {https://medium.com/@srowen/what-50-years-of-data-science-leaves-out-2366c9b61d3d}
}

@book{russell1995,
	title = {Artificial Intelligence: A Modern Approach},
	author = {Russell, Stuart Jonathan and Norvig, Peter},
	year = {1995},
	date = {1995},
	publisher = {Prentice Hall},
	note = {Google-Books-ID: CUVeMwAACAAJ},
	langid = {en}
}

@misc{conway2010,
	title = {The Data Science Venn Diagram},
	author = {Conway, Drew},
	year = {2010},
	month = {09},
	date = {2010-09-30},
	url = {http://drewconway.com/zia/2013/3/26/the-data-science-venn-diagram},
	note = {Library Catalog: drewconway.com},
	langid = {canadian}
}

@article{azevedo2008,
	title = {KDD, SEMMA and CRISP-DM: a parallel overview},
	author = {Azevedo, {Ana Isabel Rojão Lourenço} and Santos, Manuel Filipe},
	year = {2008},
	date = {2008},
	journal = {IADS-DM}
}

@techreport{afcrl1963,
	title = {Report on Research at AFCRL: July 1962 - July 1963},
	author = {AFCRL, },
	year = {1963},
	date = {1963},
	note = {Publisher: Air Force Cambridge Research Laboratories OCLC: 16107187},
	address = {Bedford, Mass.},
	langid = {English}
}

@book{propp1977,
	title = {Morphology of the Folktale},
	author = {Propp, V. I.A and Dundes, A.},
	year = {1977},
	date = {1977},
	publisher = {University of Texas Press}
}

@article{lévi-strauss1955,
	title = {The Structural Study of Myth},
	author = {{Lévi-Strauss}, Claude},
	year = {1955},
	month = {10},
	date = {1955-10-01},
	journal = {The Journal of American Folklore},
	pages = {428--444},
	volume = {68},
	number = {270},
	doi = {10.2307/536768},
	url = {http://www.jstor.org/stable/536768},
	note = {ArticleType: research-article / Issue Title: Myth: A Symposium / Full publication date: Oct. - Dec., 1955 / Copyright © 1955 American Folklore Society}
}
